@article{anarticle ,
author = {Arthur B Cummings and David Eftekhary and Frank G House},
title = {The accurate determination of college students’
coefficients of friction},
journal = {Journal of Sketchy Physics},
volume = {13},
year = {2003},
number = {2},
pages = {46--129}
}


@book{abook ,
author = {I J Kuss},
title = {On the Importance of Kissing Up to Your Boss},
edition = {5},
publisher = {Dilbert Books},
address = {Cambridge MA},
year = {1995}
}



@book{bookseries ,
author = {L M Napster},
title = {Mathematical Theory of Efficient Piracy},
series = {Lecture Notes in Mathematics},
volume = {3204},
publisher = {Springer Verlag},
address = {New York NY},
year = {1998}
}



@phdthesis{thesis ,
author = {O P Qwerty},
title = {History of the Goofy Layout of Keyboards},
publisher = {Podunk University Arcana Department},
address = {Podunk IN},
year = {1996}
}


@techreport{report ,
author = {Robert Swearingen},
title = {Morpholoty and syntax of British sailors’ English},
series = {Technical Report},
volume = {249},
publisher = {Profanity Institute},
address = {New York NY},
year = {1985}
}



@incollection{collection ,
author = {Tom Upsilon},
title = {Obscure Greek letters and their meanings
in mathematics and the sciences},
editor = {V W Xavier},
booktitle = {Proceedings of the seventh international
trivia conference},
publisher = {Last Resort Publishers},
address = {Philadelphia PA},
year = {1987},
pages = {129--158}
}



@misc{website ,
author = {James Tetazoo},
title = {A brief guide to recreational pyromania},
howpublished = {Available at \url{http://
www.blowinglotsofweirdstuffup.com/guide.html} (2005/06/12)}
}



@unpublished{acceptedpub ,
author = {J Mentor},
title = {Behavior of small animals on fire},
journal = {Nature},
note = {(in press)}
}



@unpublished{unpub ,
author = {J Mentor},
title = {Behavior of small animals on fire},
note = {Unpublished Manuscript},
year = {2012}
}

@unpublished{notpub ,
author = {J Mentor},
title = {Behavior of small animals on fire},
note = {Unpublished Manuscript},
year = {2012}
}

@misc{conv ,
author = {Sigmund Freud},
month = {July},
year = {2012},
howpublished = {Personal conversation}
}

@book{apunteClase,
  title = {Matemáticas Aplicadas a la Biología - Grado en Biología},
  note         = {class notes for Curso 2015-2016, Mátemáticas Aplicadas a la Biología},
  author = {R. Echevarría},
  publisher = {Dpto. de Ecuaciones Diferenciales y Análisis Numérico
  Universidad de Sevilla},
  year = {2015},
}

@book{chapra_mtodos_2007,
	address = {México, Distrito Federal},
	title = {Métodos numéricos para ingenieros (5a. ed.)},
	isbn = {978-1-4562-5032-4},
	language = {gl},
	publisher = {McGraw-Hill Interamericana},
	author = {Chapra, Steven C and Canale, Raymond P and {ProQuest}},
	year = {2007},
	note = {OCLC: 1105521785},
	file = {Chapra et al. - 2007 - Mtodos numricos para ingenieros (5a. ed.).pdf:C\:\\Users\\Dani\\Zotero\\storage\\3V68C7J9\\Chapra et al. - 2007 - Mtodos numricos para ingenieros (5a. ed.).pdf:application/pdf},
}

@book{burden_numerical_2016,
	address = {Boston, MA},
	edition = {Tenth edition},
	title = {Numerical analysis},
	isbn = {978-1-305-25366-7},
	language = {gl},
	publisher = {Cengage Learning},
	author = {Burden, Richard L. and Faires, J. Douglas and Burden, Annette M.},
	year = {2016},
	note = {OCLC: ocn898154569},
	keywords = {Numerical analysis},
}


@book{in_mr,
	address = {Colombia, Huila},
	title = {INTEGRACIÓN NUMÉRICA Método de Romberg},
	author = {Cerquera Rojas, Yamil Armando},
	publisher = {Universidad Surcolombiana},
}

